@inproceedings{kraska2018case,
  title={The case for learned index structures},
  author={Kraska, Tim and Beutel, Alex and Chi, Ed H and Dean, Jeffrey and Polyzotis, Neoklis},
  booktitle={Proceedings of the 2018 International Conference on Management of Data},
  pages={489--504},
  year={2018}
}

@inproceedings{li2020lisa,
  title={LISA: A learned index structure for spatial data},
  author={Li, Pengfei and Lu, Hua and Zheng, Qian and Yang, Long and Pan, Gang},
  booktitle={Proceedings of the 2020 ACM SIGMOD International Conference on Management of Data},
  pages={2119--2133},
  year={2020}
}