@inproceedings{kraska2018case,
  title={The case for learned index structures},
  author={Kraska, Tim and Beutel, Alex and Chi, Ed H and Dean, Jeffrey and Polyzotis, Neoklis},
  booktitle={Proceedings of the 2018 International Conference on Management of Data},
  pages={489--504},
  year={2018}
}